%YAML 1.1
%TAG !u! tag:unity3d.com,2011:
--- !u!1 &6791488709801956073
GameObject:
  m_ObjectHideFlags: 0
  m_CorrespondingSourceObject: {fileID: 0}
  m_PrefabInstance: {fileID: 0}
  m_PrefabAsset: {fileID: 0}
  serializedVersion: 6
  m_Component:
  - component: {fileID: 9158342714415914592}
  m_Layer: 0
  m_Name: Boer
  m_TagString: Untagged
  m_Icon: {fileID: 0}
  m_NavMeshLayer: 0
  m_StaticEditorFlags: 0
  m_IsActive: 1
--- !u!4 &9158342714415914592
Transform:
  m_ObjectHideFlags: 0
  m_CorrespondingSourceObject: {fileID: 0}
  m_PrefabInstance: {fileID: 0}
  m_PrefabAsset: {fileID: 0}
  m_GameObject: {fileID: 6791488709801956073}
  m_LocalRotation: {x: 0, y: 0, z: 0, w: 1}
  m_LocalPosition: {x: 0, y: 0, z: -41}
  m_LocalScale: {x: 130, y: 130, z: 130}
  m_Children:
  - {fileID: 1082333310793911805}
  - {fileID: 4477754714803957142}
  m_Father: {fileID: 8767565526013129079}
  m_RootOrder: 0
  m_LocalEulerAnglesHint: {x: 0, y: 0, z: 0}
--- !u!1 &8767565526013129072
GameObject:
  m_ObjectHideFlags: 0
  m_CorrespondingSourceObject: {fileID: 0}
  m_PrefabInstance: {fileID: 0}
  m_PrefabAsset: {fileID: 0}
  serializedVersion: 6
  m_Component:
  - component: {fileID: 8767565526013129079}
  - component: {fileID: 6196903535558365475}
  - component: {fileID: 6196903535558365472}
  - component: {fileID: 1567909700863807053}
  m_Layer: 0
  m_Name: BoerSlot1
  m_TagString: Untagged
  m_Icon: {fileID: 0}
  m_NavMeshLayer: 0
  m_StaticEditorFlags: 0
  m_IsActive: 1
--- !u!4 &8767565526013129079
Transform:
  m_ObjectHideFlags: 0
  m_CorrespondingSourceObject: {fileID: 0}
  m_PrefabInstance: {fileID: 0}
  m_PrefabAsset: {fileID: 0}
  m_GameObject: {fileID: 8767565526013129072}
  m_LocalRotation: {x: 0, y: 0, z: 0, w: 1}
  m_LocalPosition: {x: 0, y: 0, z: 0}
  m_LocalScale: {x: 1, y: 1, z: 1}
  m_Children:
  - {fileID: 9158342714415914592}
  m_Father: {fileID: 0}
  m_RootOrder: 0
  m_LocalEulerAnglesHint: {x: 0, y: 0, z: 0}
--- !u!114 &6196903535558365475
MonoBehaviour:
  m_ObjectHideFlags: 0
  m_CorrespondingSourceObject: {fileID: 0}
  m_PrefabInstance: {fileID: 0}
  m_PrefabAsset: {fileID: 0}
  m_GameObject: {fileID: 8767565526013129072}
  m_Enabled: 1
  m_EditorHideFlags: 0
  m_Script: {fileID: 11500000, guid: c91754b7f59d44da19a531018ac77b35, type: 3}
  m_Name: 
  m_EditorClassIdentifier: 
  drillSpeed: 3050
--- !u!114 &6196903535558365472
MonoBehaviour:
  m_ObjectHideFlags: 0
  m_CorrespondingSourceObject: {fileID: 0}
  m_PrefabInstance: {fileID: 0}
  m_PrefabAsset: {fileID: 0}
  m_GameObject: {fileID: 8767565526013129072}
  m_Enabled: 1
  m_EditorHideFlags: 0
  m_Script: {fileID: 11500000, guid: ea7a485b800d742379af98601ca94bbc, type: 3}
  m_Name: 
  m_EditorClassIdentifier: 
  price: 0
  lvl: 1
--- !u!95 &1567909700863807053
Animator:
  serializedVersion: 3
  m_ObjectHideFlags: 0
  m_CorrespondingSourceObject: {fileID: 0}
  m_PrefabInstance: {fileID: 0}
  m_PrefabAsset: {fileID: 0}
  m_GameObject: {fileID: 8767565526013129072}
  m_Enabled: 1
  m_Avatar: {fileID: 0}
  m_Controller: {fileID: 22100000, guid: 9aa4decdf4a6f4b1fadf5464a7d1e020, type: 2}
  m_CullingMode: 0
  m_UpdateMode: 0
  m_ApplyRootMotion: 0
  m_LinearVelocityBlending: 0
  m_WarningMessage: 
  m_HasTransformHierarchy: 1
  m_AllowConstantClipSamplingOptimization: 1
  m_KeepAnimatorControllerStateOnDisable: 0
--- !u!1001 &5368163933627098855
PrefabInstance:
  m_ObjectHideFlags: 0
  serializedVersion: 2
  m_Modification:
    m_TransformParent: {fileID: 9158342714415914592}
    m_Modifications:
    - target: {fileID: -927199367670048503, guid: 4a82094ae3c3f4cc29e811530925f244,
        type: 3}
      propertyPath: m_Name
      value: 1
      objectReference: {fileID: 0}
    - target: {fileID: -4216859302048453862, guid: 4a82094ae3c3f4cc29e811530925f244,
        type: 3}
      propertyPath: m_LocalPosition.x
      value: 0
      objectReference: {fileID: 0}
    - target: {fileID: -4216859302048453862, guid: 4a82094ae3c3f4cc29e811530925f244,
        type: 3}
      propertyPath: m_LocalPosition.y
      value: -0.266
      objectReference: {fileID: 0}
    - target: {fileID: -4216859302048453862, guid: 4a82094ae3c3f4cc29e811530925f244,
        type: 3}
      propertyPath: m_LocalPosition.z
      value: 0
      objectReference: {fileID: 0}
    - target: {fileID: -4216859302048453862, guid: 4a82094ae3c3f4cc29e811530925f244,
        type: 3}
      propertyPath: m_LocalRotation.x
      value: -0
      objectReference: {fileID: 0}
    - target: {fileID: -4216859302048453862, guid: 4a82094ae3c3f4cc29e811530925f244,
        type: 3}
      propertyPath: m_LocalRotation.y
      value: -0
      objectReference: {fileID: 0}
    - target: {fileID: -4216859302048453862, guid: 4a82094ae3c3f4cc29e811530925f244,
        type: 3}
      propertyPath: m_LocalRotation.z
      value: -0
      objectReference: {fileID: 0}
    - target: {fileID: -4216859302048453862, guid: 4a82094ae3c3f4cc29e811530925f244,
        type: 3}
      propertyPath: m_LocalRotation.w
      value: 1
      objectReference: {fileID: 0}
    - target: {fileID: -4216859302048453862, guid: 4a82094ae3c3f4cc29e811530925f244,
        type: 3}
      propertyPath: m_RootOrder
      value: 0
      objectReference: {fileID: 0}
    - target: {fileID: -4216859302048453862, guid: 4a82094ae3c3f4cc29e811530925f244,
        type: 3}
      propertyPath: m_LocalEulerAnglesHint.x
      value: 1.2431856e-14
      objectReference: {fileID: 0}
    - target: {fileID: -4216859302048453862, guid: 4a82094ae3c3f4cc29e811530925f244,
        type: 3}
      propertyPath: m_LocalEulerAnglesHint.y
      value: 144.15384
      objectReference: {fileID: 0}
    - target: {fileID: -4216859302048453862, guid: 4a82094ae3c3f4cc29e811530925f244,
        type: 3}
      propertyPath: m_LocalEulerAnglesHint.z
      value: 8.073343e-15
      objectReference: {fileID: 0}
    - target: {fileID: -1504981713932161579, guid: 4a82094ae3c3f4cc29e811530925f244,
        type: 3}
      propertyPath: m_Materials.Array.data[0]
      value: 
      objectReference: {fileID: 2100000, guid: c5cbef786e0bf4e86b681ba73663d8d9, type: 2}
    - target: {fileID: -6057140222963153312, guid: 4a82094ae3c3f4cc29e811530925f244,
        type: 3}
      propertyPath: m_Controller
      value: 
      objectReference: {fileID: 9100000, guid: 5c09ab72ac25f492492969f728989d94, type: 2}
    m_RemovedComponents: []
  m_SourcePrefab: {fileID: 100100000, guid: 4a82094ae3c3f4cc29e811530925f244, type: 3}
--- !u!4 &1082333310793911805 stripped
Transform:
  m_CorrespondingSourceObject: {fileID: -4216859302048453862, guid: 4a82094ae3c3f4cc29e811530925f244,
    type: 3}
  m_PrefabInstance: {fileID: 5368163933627098855}
  m_PrefabAsset: {fileID: 0}
--- !u!1001 &8889713133923452556
PrefabInstance:
  m_ObjectHideFlags: 0
  serializedVersion: 2
  m_Modification:
    m_TransformParent: {fileID: 9158342714415914592}
    m_Modifications:
    - target: {fileID: -927199367670048503, guid: 1165d6452d5934e9b97d9d7d57d65f13,
        type: 3}
      propertyPath: m_Name
      value: base
      objectReference: {fileID: 0}
    - target: {fileID: -4216859302048453862, guid: 1165d6452d5934e9b97d9d7d57d65f13,
        type: 3}
      propertyPath: m_LocalPosition.x
      value: 0
      objectReference: {fileID: 0}
    - target: {fileID: -4216859302048453862, guid: 1165d6452d5934e9b97d9d7d57d65f13,
        type: 3}
      propertyPath: m_LocalPosition.y
      value: -0.3
      objectReference: {fileID: 0}
    - target: {fileID: -4216859302048453862, guid: 1165d6452d5934e9b97d9d7d57d65f13,
        type: 3}
      propertyPath: m_LocalPosition.z
      value: 0
      objectReference: {fileID: 0}
    - target: {fileID: -4216859302048453862, guid: 1165d6452d5934e9b97d9d7d57d65f13,
        type: 3}
      propertyPath: m_LocalRotation.x
      value: 2.4651903e-32
      objectReference: {fileID: 0}
    - target: {fileID: -4216859302048453862, guid: 1165d6452d5934e9b97d9d7d57d65f13,
        type: 3}
      propertyPath: m_LocalRotation.y
      value: -4.49901e-40
      objectReference: {fileID: 0}
    - target: {fileID: -4216859302048453862, guid: 1165d6452d5934e9b97d9d7d57d65f13,
        type: 3}
      propertyPath: m_LocalRotation.z
      value: 0.000000018250121
      objectReference: {fileID: 0}
    - target: {fileID: -4216859302048453862, guid: 1165d6452d5934e9b97d9d7d57d65f13,
        type: 3}
      propertyPath: m_LocalRotation.w
      value: 1
      objectReference: {fileID: 0}
    - target: {fileID: -4216859302048453862, guid: 1165d6452d5934e9b97d9d7d57d65f13,
        type: 3}
      propertyPath: m_RootOrder
      value: 1
      objectReference: {fileID: 0}
    - target: {fileID: -4216859302048453862, guid: 1165d6452d5934e9b97d9d7d57d65f13,
        type: 3}
      propertyPath: m_LocalEulerAnglesHint.x
      value: 0
      objectReference: {fileID: 0}
    - target: {fileID: -4216859302048453862, guid: 1165d6452d5934e9b97d9d7d57d65f13,
        type: 3}
      propertyPath: m_LocalEulerAnglesHint.y
      value: 0
      objectReference: {fileID: 0}
    - target: {fileID: -4216859302048453862, guid: 1165d6452d5934e9b97d9d7d57d65f13,
        type: 3}
      propertyPath: m_LocalEulerAnglesHint.z
      value: 0
      objectReference: {fileID: 0}
    - target: {fileID: -1504981713932161579, guid: 1165d6452d5934e9b97d9d7d57d65f13,
        type: 3}
      propertyPath: m_Materials.Array.data[0]
      value: 
      objectReference: {fileID: 2100000, guid: 5a1f7d33e9f4245b3a7671bbba6b8268, type: 2}
    m_RemovedComponents: []
  m_SourcePrefab: {fileID: 100100000, guid: 1165d6452d5934e9b97d9d7d57d65f13, type: 3}
--- !u!4 &4477754714803957142 stripped
Transform:
  m_CorrespondingSourceObject: {fileID: -4216859302048453862, guid: 1165d6452d5934e9b97d9d7d57d65f13,
    type: 3}
  m_PrefabInstance: {fileID: 8889713133923452556}
  m_PrefabAsset: {fileID: 0}
