%YAML 1.1
%TAG !u! tag:unity3d.com,2011:
--- !u!1 &1153429191323255861
GameObject:
  m_ObjectHideFlags: 0
  m_CorrespondingSourceObject: {fileID: 0}
  m_PrefabInstance: {fileID: 0}
  m_PrefabAsset: {fileID: 0}
  serializedVersion: 6
  m_Component:
  - component: {fileID: 1153429191323255860}
  - component: {fileID: 1153429191323255866}
  - component: {fileID: 1153429191323255867}
  - component: {fileID: 7239769531238278836}
  m_Layer: 0
  m_Name: BoerSlot10
  m_TagString: Untagged
  m_Icon: {fileID: 0}
  m_NavMeshLayer: 0
  m_StaticEditorFlags: 0
  m_IsActive: 1
--- !u!4 &1153429191323255860
Transform:
  m_ObjectHideFlags: 0
  m_CorrespondingSourceObject: {fileID: 0}
  m_PrefabInstance: {fileID: 0}
  m_PrefabAsset: {fileID: 0}
  m_GameObject: {fileID: 1153429191323255861}
  m_LocalRotation: {x: 0, y: 0, z: 0, w: 1}
  m_LocalPosition: {x: 0, y: 0, z: 0}
  m_LocalScale: {x: 1, y: 1, z: 1}
  m_Children:
  - {fileID: 1153429192559326816}
  m_Father: {fileID: 0}
  m_RootOrder: 0
  m_LocalEulerAnglesHint: {x: 0, y: 0, z: 0}
--- !u!114 &1153429191323255866
MonoBehaviour:
  m_ObjectHideFlags: 0
  m_CorrespondingSourceObject: {fileID: 0}
  m_PrefabInstance: {fileID: 0}
  m_PrefabAsset: {fileID: 0}
  m_GameObject: {fileID: 1153429191323255861}
  m_Enabled: 1
  m_EditorHideFlags: 0
  m_Script: {fileID: 11500000, guid: c91754b7f59d44da19a531018ac77b35, type: 3}
  m_Name: 
  m_EditorClassIdentifier: 
  drillSpeed: 3900
--- !u!114 &1153429191323255867
MonoBehaviour:
  m_ObjectHideFlags: 0
  m_CorrespondingSourceObject: {fileID: 0}
  m_PrefabInstance: {fileID: 0}
  m_PrefabAsset: {fileID: 0}
  m_GameObject: {fileID: 1153429191323255861}
  m_Enabled: 1
  m_EditorHideFlags: 0
  m_Script: {fileID: 11500000, guid: ea7a485b800d742379af98601ca94bbc, type: 3}
  m_Name: 
  m_EditorClassIdentifier: 
  price: 2630000
  lvl: 10
--- !u!95 &7239769531238278836
Animator:
  serializedVersion: 3
  m_ObjectHideFlags: 0
  m_CorrespondingSourceObject: {fileID: 0}
  m_PrefabInstance: {fileID: 0}
  m_PrefabAsset: {fileID: 0}
  m_GameObject: {fileID: 1153429191323255861}
  m_Enabled: 1
  m_Avatar: {fileID: 0}
  m_Controller: {fileID: 22100000, guid: 9aa4decdf4a6f4b1fadf5464a7d1e020, type: 2}
  m_CullingMode: 0
  m_UpdateMode: 0
  m_ApplyRootMotion: 0
  m_LinearVelocityBlending: 0
  m_WarningMessage: 
  m_HasTransformHierarchy: 1
  m_AllowConstantClipSamplingOptimization: 1
  m_KeepAnimatorControllerStateOnDisable: 0
--- !u!1 &1153429192559326817
GameObject:
  m_ObjectHideFlags: 0
  m_CorrespondingSourceObject: {fileID: 0}
  m_PrefabInstance: {fileID: 0}
  m_PrefabAsset: {fileID: 0}
  serializedVersion: 6
  m_Component:
  - component: {fileID: 1153429192559326816}
  m_Layer: 0
  m_Name: Boer
  m_TagString: Untagged
  m_Icon: {fileID: 0}
  m_NavMeshLayer: 0
  m_StaticEditorFlags: 0
  m_IsActive: 1
--- !u!4 &1153429192559326816
Transform:
  m_ObjectHideFlags: 0
  m_CorrespondingSourceObject: {fileID: 0}
  m_PrefabInstance: {fileID: 0}
  m_PrefabAsset: {fileID: 0}
  m_GameObject: {fileID: 1153429192559326817}
  m_LocalRotation: {x: -0, y: -0, z: -0, w: 1}
  m_LocalPosition: {x: 0, y: 0, z: -41}
  m_LocalScale: {x: 130, y: 130, z: 130}
  m_Children:
  - {fileID: 6159650453296271514}
  - {fileID: 9128610736302786245}
  m_Father: {fileID: 1153429191323255860}
  m_RootOrder: 0
  m_LocalEulerAnglesHint: {x: 0, y: 0, z: 0}
--- !u!1001 &1153429192169618304
PrefabInstance:
  m_ObjectHideFlags: 0
  serializedVersion: 2
  m_Modification:
    m_TransformParent: {fileID: 1153429192559326816}
    m_Modifications:
    - target: {fileID: -927199367670048503, guid: 84d45b716351e4f4e9096372ae97f02e,
        type: 3}
      propertyPath: m_Name
      value: 10
      objectReference: {fileID: 0}
    - target: {fileID: -4216859302048453862, guid: 84d45b716351e4f4e9096372ae97f02e,
        type: 3}
      propertyPath: m_LocalPosition.x
      value: 0
      objectReference: {fileID: 0}
    - target: {fileID: -4216859302048453862, guid: 84d45b716351e4f4e9096372ae97f02e,
        type: 3}
      propertyPath: m_LocalPosition.y
      value: -0.266
      objectReference: {fileID: 0}
    - target: {fileID: -4216859302048453862, guid: 84d45b716351e4f4e9096372ae97f02e,
        type: 3}
      propertyPath: m_LocalPosition.z
      value: 0
      objectReference: {fileID: 0}
    - target: {fileID: -4216859302048453862, guid: 84d45b716351e4f4e9096372ae97f02e,
        type: 3}
      propertyPath: m_LocalRotation.x
      value: 0
      objectReference: {fileID: 0}
    - target: {fileID: -4216859302048453862, guid: 84d45b716351e4f4e9096372ae97f02e,
        type: 3}
      propertyPath: m_LocalRotation.y
      value: 0
      objectReference: {fileID: 0}
    - target: {fileID: -4216859302048453862, guid: 84d45b716351e4f4e9096372ae97f02e,
        type: 3}
      propertyPath: m_LocalRotation.z
      value: 0
      objectReference: {fileID: 0}
    - target: {fileID: -4216859302048453862, guid: 84d45b716351e4f4e9096372ae97f02e,
        type: 3}
      propertyPath: m_LocalRotation.w
      value: 1
      objectReference: {fileID: 0}
    - target: {fileID: -4216859302048453862, guid: 84d45b716351e4f4e9096372ae97f02e,
        type: 3}
      propertyPath: m_RootOrder
      value: 0
      objectReference: {fileID: 0}
    - target: {fileID: -4216859302048453862, guid: 84d45b716351e4f4e9096372ae97f02e,
        type: 3}
      propertyPath: m_LocalEulerAnglesHint.x
      value: 0
      objectReference: {fileID: 0}
    - target: {fileID: -4216859302048453862, guid: 84d45b716351e4f4e9096372ae97f02e,
        type: 3}
      propertyPath: m_LocalEulerAnglesHint.y
      value: 0
      objectReference: {fileID: 0}
    - target: {fileID: -4216859302048453862, guid: 84d45b716351e4f4e9096372ae97f02e,
        type: 3}
      propertyPath: m_LocalEulerAnglesHint.z
      value: 0
      objectReference: {fileID: 0}
    - target: {fileID: -1504981713932161579, guid: 84d45b716351e4f4e9096372ae97f02e,
        type: 3}
      propertyPath: m_Materials.Array.data[0]
      value: 
      objectReference: {fileID: 2100000, guid: e3566ae591eda491a8d9a06cb8a40602, type: 2}
    - target: {fileID: -6057140222963153312, guid: 84d45b716351e4f4e9096372ae97f02e,
        type: 3}
      propertyPath: m_Controller
      value: 
      objectReference: {fileID: 22100000, guid: 1eec961a0c67c485ea7e2110c551de57,
        type: 2}
    m_RemovedComponents: []
  m_SourcePrefab: {fileID: 100100000, guid: 84d45b716351e4f4e9096372ae97f02e, type: 3}
--- !u!4 &6159650453296271514 stripped
Transform:
  m_CorrespondingSourceObject: {fileID: -4216859302048453862, guid: 84d45b716351e4f4e9096372ae97f02e,
    type: 3}
  m_PrefabInstance: {fileID: 1153429192169618304}
  m_PrefabAsset: {fileID: 0}
--- !u!1001 &4311602734722493919
PrefabInstance:
  m_ObjectHideFlags: 0
  serializedVersion: 2
  m_Modification:
    m_TransformParent: {fileID: 1153429192559326816}
    m_Modifications:
    - target: {fileID: -927199367670048503, guid: 653af44b6ad554323bd2b49eaa6fe91e,
        type: 3}
      propertyPath: m_Name
      value: 7-12_base
      objectReference: {fileID: 0}
    - target: {fileID: -4216859302048453862, guid: 653af44b6ad554323bd2b49eaa6fe91e,
        type: 3}
      propertyPath: m_LocalPosition.x
      value: 0
      objectReference: {fileID: 0}
    - target: {fileID: -4216859302048453862, guid: 653af44b6ad554323bd2b49eaa6fe91e,
        type: 3}
      propertyPath: m_LocalPosition.y
      value: -0.29999995
      objectReference: {fileID: 0}
    - target: {fileID: -4216859302048453862, guid: 653af44b6ad554323bd2b49eaa6fe91e,
        type: 3}
      propertyPath: m_LocalPosition.z
      value: 0
      objectReference: {fileID: 0}
    - target: {fileID: -4216859302048453862, guid: 653af44b6ad554323bd2b49eaa6fe91e,
        type: 3}
      propertyPath: m_LocalRotation.x
      value: 2.4651903e-32
      objectReference: {fileID: 0}
    - target: {fileID: -4216859302048453862, guid: 653af44b6ad554323bd2b49eaa6fe91e,
        type: 3}
      propertyPath: m_LocalRotation.y
      value: -4.49901e-40
      objectReference: {fileID: 0}
    - target: {fileID: -4216859302048453862, guid: 653af44b6ad554323bd2b49eaa6fe91e,
        type: 3}
      propertyPath: m_LocalRotation.z
      value: 0.000000018250121
      objectReference: {fileID: 0}
    - target: {fileID: -4216859302048453862, guid: 653af44b6ad554323bd2b49eaa6fe91e,
        type: 3}
      propertyPath: m_LocalRotation.w
      value: 1
      objectReference: {fileID: 0}
    - target: {fileID: -4216859302048453862, guid: 653af44b6ad554323bd2b49eaa6fe91e,
        type: 3}
      propertyPath: m_RootOrder
      value: 1
      objectReference: {fileID: 0}
    - target: {fileID: -4216859302048453862, guid: 653af44b6ad554323bd2b49eaa6fe91e,
        type: 3}
      propertyPath: m_LocalEulerAnglesHint.x
      value: 0
      objectReference: {fileID: 0}
    - target: {fileID: -4216859302048453862, guid: 653af44b6ad554323bd2b49eaa6fe91e,
        type: 3}
      propertyPath: m_LocalEulerAnglesHint.y
      value: 0
      objectReference: {fileID: 0}
    - target: {fileID: -4216859302048453862, guid: 653af44b6ad554323bd2b49eaa6fe91e,
        type: 3}
      propertyPath: m_LocalEulerAnglesHint.z
      value: 0
      objectReference: {fileID: 0}
    - target: {fileID: -1504981713932161579, guid: 653af44b6ad554323bd2b49eaa6fe91e,
        type: 3}
      propertyPath: m_Materials.Array.data[0]
      value: 
      objectReference: {fileID: 2100000, guid: dfce4284c24664be8bb53b8b3f5f3391, type: 2}
    m_RemovedComponents: []
  m_SourcePrefab: {fileID: 100100000, guid: 653af44b6ad554323bd2b49eaa6fe91e, type: 3}
--- !u!4 &9128610736302786245 stripped
Transform:
  m_CorrespondingSourceObject: {fileID: -4216859302048453862, guid: 653af44b6ad554323bd2b49eaa6fe91e,
    type: 3}
  m_PrefabInstance: {fileID: 4311602734722493919}
  m_PrefabAsset: {fileID: 0}
