%YAML 1.1
%TAG !u! tag:unity3d.com,2011:
--- !u!1 &4563956034539888272
GameObject:
  m_ObjectHideFlags: 0
  m_CorrespondingSourceObject: {fileID: 0}
  m_PrefabInstance: {fileID: 0}
  m_PrefabAsset: {fileID: 0}
  serializedVersion: 6
  m_Component:
  - component: {fileID: 4563956034539888275}
  m_Layer: 0
  m_Name: Boer
  m_TagString: Untagged
  m_Icon: {fileID: 0}
  m_NavMeshLayer: 0
  m_StaticEditorFlags: 0
  m_IsActive: 1
--- !u!4 &4563956034539888275
Transform:
  m_ObjectHideFlags: 0
  m_CorrespondingSourceObject: {fileID: 0}
  m_PrefabInstance: {fileID: 0}
  m_PrefabAsset: {fileID: 0}
  m_GameObject: {fileID: 4563956034539888272}
  m_LocalRotation: {x: -0, y: -0, z: -0, w: 1}
  m_LocalPosition: {x: 0, y: 0, z: -41}
  m_LocalScale: {x: 130, y: 130, z: 130}
  m_Children:
  - {fileID: 8803650083820358452}
  - {fileID: 8555368150649648385}
  m_Father: {fileID: 4563956035026589463}
  m_RootOrder: 0
  m_LocalEulerAnglesHint: {x: 0, y: 0, z: 0}
--- !u!1 &4563956035026589460
GameObject:
  m_ObjectHideFlags: 0
  m_CorrespondingSourceObject: {fileID: 0}
  m_PrefabInstance: {fileID: 0}
  m_PrefabAsset: {fileID: 0}
  serializedVersion: 6
  m_Component:
  - component: {fileID: 4563956035026589463}
  - component: {fileID: 4563956035026589449}
  - component: {fileID: 4563956035026589462}
  - component: {fileID: 2110749067846377252}
  m_Layer: 0
  m_Name: BoerSlot18
  m_TagString: Untagged
  m_Icon: {fileID: 0}
  m_NavMeshLayer: 0
  m_StaticEditorFlags: 0
  m_IsActive: 1
--- !u!4 &4563956035026589463
Transform:
  m_ObjectHideFlags: 0
  m_CorrespondingSourceObject: {fileID: 0}
  m_PrefabInstance: {fileID: 0}
  m_PrefabAsset: {fileID: 0}
  m_GameObject: {fileID: 4563956035026589460}
  m_LocalRotation: {x: 0, y: 0, z: 0, w: 1}
  m_LocalPosition: {x: 0, y: 0, z: 0}
  m_LocalScale: {x: 1, y: 1, z: 1}
  m_Children:
  - {fileID: 4563956034539888275}
  m_Father: {fileID: 0}
  m_RootOrder: 0
  m_LocalEulerAnglesHint: {x: 0, y: 0, z: 0}
--- !u!114 &4563956035026589449
MonoBehaviour:
  m_ObjectHideFlags: 0
  m_CorrespondingSourceObject: {fileID: 0}
  m_PrefabInstance: {fileID: 0}
  m_PrefabAsset: {fileID: 0}
  m_GameObject: {fileID: 4563956035026589460}
  m_Enabled: 1
  m_EditorHideFlags: 0
  m_Script: {fileID: 11500000, guid: c91754b7f59d44da19a531018ac77b35, type: 3}
  m_Name: 
  m_EditorClassIdentifier: 
  drillSpeed: 4700
--- !u!114 &4563956035026589462
MonoBehaviour:
  m_ObjectHideFlags: 0
  m_CorrespondingSourceObject: {fileID: 0}
  m_PrefabInstance: {fileID: 0}
  m_PrefabAsset: {fileID: 0}
  m_GameObject: {fileID: 4563956035026589460}
  m_Enabled: 1
  m_EditorHideFlags: 0
  m_Script: {fileID: 11500000, guid: ea7a485b800d742379af98601ca94bbc, type: 3}
  m_Name: 
  m_EditorClassIdentifier: 
  price: 1210000000
  lvl: 18
--- !u!95 &2110749067846377252
Animator:
  serializedVersion: 3
  m_ObjectHideFlags: 0
  m_CorrespondingSourceObject: {fileID: 0}
  m_PrefabInstance: {fileID: 0}
  m_PrefabAsset: {fileID: 0}
  m_GameObject: {fileID: 4563956035026589460}
  m_Enabled: 1
  m_Avatar: {fileID: 0}
  m_Controller: {fileID: 22100000, guid: 9aa4decdf4a6f4b1fadf5464a7d1e020, type: 2}
  m_CullingMode: 0
  m_UpdateMode: 0
  m_ApplyRootMotion: 0
  m_LinearVelocityBlending: 0
  m_WarningMessage: 
  m_HasTransformHierarchy: 1
  m_AllowConstantClipSamplingOptimization: 1
  m_KeepAnimatorControllerStateOnDisable: 0
--- !u!1001 &3729106727928339995
PrefabInstance:
  m_ObjectHideFlags: 0
  serializedVersion: 2
  m_Modification:
    m_TransformParent: {fileID: 4563956034539888275}
    m_Modifications:
    - target: {fileID: -927199367670048503, guid: e55d5ea7b6ff745418d9928f89b58bbb,
        type: 3}
      propertyPath: m_Name
      value: 13-18_base
      objectReference: {fileID: 0}
    - target: {fileID: -4216859302048453862, guid: e55d5ea7b6ff745418d9928f89b58bbb,
        type: 3}
      propertyPath: m_LocalPosition.x
      value: 0
      objectReference: {fileID: 0}
    - target: {fileID: -4216859302048453862, guid: e55d5ea7b6ff745418d9928f89b58bbb,
        type: 3}
      propertyPath: m_LocalPosition.y
      value: -0.29999995
      objectReference: {fileID: 0}
    - target: {fileID: -4216859302048453862, guid: e55d5ea7b6ff745418d9928f89b58bbb,
        type: 3}
      propertyPath: m_LocalPosition.z
      value: 0
      objectReference: {fileID: 0}
    - target: {fileID: -4216859302048453862, guid: e55d5ea7b6ff745418d9928f89b58bbb,
        type: 3}
      propertyPath: m_LocalRotation.x
      value: 2.4651903e-32
      objectReference: {fileID: 0}
    - target: {fileID: -4216859302048453862, guid: e55d5ea7b6ff745418d9928f89b58bbb,
        type: 3}
      propertyPath: m_LocalRotation.y
      value: -4.49901e-40
      objectReference: {fileID: 0}
    - target: {fileID: -4216859302048453862, guid: e55d5ea7b6ff745418d9928f89b58bbb,
        type: 3}
      propertyPath: m_LocalRotation.z
      value: 0.000000018250121
      objectReference: {fileID: 0}
    - target: {fileID: -4216859302048453862, guid: e55d5ea7b6ff745418d9928f89b58bbb,
        type: 3}
      propertyPath: m_LocalRotation.w
      value: 1
      objectReference: {fileID: 0}
    - target: {fileID: -4216859302048453862, guid: e55d5ea7b6ff745418d9928f89b58bbb,
        type: 3}
      propertyPath: m_RootOrder
      value: 1
      objectReference: {fileID: 0}
    - target: {fileID: -4216859302048453862, guid: e55d5ea7b6ff745418d9928f89b58bbb,
        type: 3}
      propertyPath: m_LocalEulerAnglesHint.x
      value: 0
      objectReference: {fileID: 0}
    - target: {fileID: -4216859302048453862, guid: e55d5ea7b6ff745418d9928f89b58bbb,
        type: 3}
      propertyPath: m_LocalEulerAnglesHint.y
      value: 0
      objectReference: {fileID: 0}
    - target: {fileID: -4216859302048453862, guid: e55d5ea7b6ff745418d9928f89b58bbb,
        type: 3}
      propertyPath: m_LocalEulerAnglesHint.z
      value: 0
      objectReference: {fileID: 0}
    - target: {fileID: -1504981713932161579, guid: e55d5ea7b6ff745418d9928f89b58bbb,
        type: 3}
      propertyPath: m_Materials.Array.data[0]
      value: 
      objectReference: {fileID: 2100000, guid: 9ce831c1e3d254393b970bf43421d428, type: 2}
    m_RemovedComponents: []
  m_SourcePrefab: {fileID: 100100000, guid: e55d5ea7b6ff745418d9928f89b58bbb, type: 3}
--- !u!4 &8555368150649648385 stripped
Transform:
  m_CorrespondingSourceObject: {fileID: -4216859302048453862, guid: e55d5ea7b6ff745418d9928f89b58bbb,
    type: 3}
  m_PrefabInstance: {fileID: 3729106727928339995}
  m_PrefabAsset: {fileID: 0}
--- !u!1001 &4563956034072928302
PrefabInstance:
  m_ObjectHideFlags: 0
  serializedVersion: 2
  m_Modification:
    m_TransformParent: {fileID: 4563956034539888275}
    m_Modifications:
    - target: {fileID: -927199367670048503, guid: b5106aeed3577434bb31a9b5019d2e90,
        type: 3}
      propertyPath: m_Name
      value: 18
      objectReference: {fileID: 0}
    - target: {fileID: -4216859302048453862, guid: b5106aeed3577434bb31a9b5019d2e90,
        type: 3}
      propertyPath: m_LocalPosition.x
      value: 0
      objectReference: {fileID: 0}
    - target: {fileID: -4216859302048453862, guid: b5106aeed3577434bb31a9b5019d2e90,
        type: 3}
      propertyPath: m_LocalPosition.y
      value: -0.3
      objectReference: {fileID: 0}
    - target: {fileID: -4216859302048453862, guid: b5106aeed3577434bb31a9b5019d2e90,
        type: 3}
      propertyPath: m_LocalPosition.z
      value: 0
      objectReference: {fileID: 0}
    - target: {fileID: -4216859302048453862, guid: b5106aeed3577434bb31a9b5019d2e90,
        type: 3}
      propertyPath: m_LocalRotation.x
      value: 0
      objectReference: {fileID: 0}
    - target: {fileID: -4216859302048453862, guid: b5106aeed3577434bb31a9b5019d2e90,
        type: 3}
      propertyPath: m_LocalRotation.y
      value: 0.95548457
      objectReference: {fileID: 0}
    - target: {fileID: -4216859302048453862, guid: b5106aeed3577434bb31a9b5019d2e90,
        type: 3}
      propertyPath: m_LocalRotation.z
      value: -0
      objectReference: {fileID: 0}
    - target: {fileID: -4216859302048453862, guid: b5106aeed3577434bb31a9b5019d2e90,
        type: 3}
      propertyPath: m_LocalRotation.w
      value: -0.29504108
      objectReference: {fileID: 0}
    - target: {fileID: -4216859302048453862, guid: b5106aeed3577434bb31a9b5019d2e90,
        type: 3}
      propertyPath: m_RootOrder
      value: 0
      objectReference: {fileID: 0}
    - target: {fileID: -4216859302048453862, guid: b5106aeed3577434bb31a9b5019d2e90,
        type: 3}
      propertyPath: m_LocalEulerAnglesHint.x
      value: 0
      objectReference: {fileID: 0}
    - target: {fileID: -4216859302048453862, guid: b5106aeed3577434bb31a9b5019d2e90,
        type: 3}
      propertyPath: m_LocalEulerAnglesHint.y
      value: 934.32
      objectReference: {fileID: 0}
    - target: {fileID: -4216859302048453862, guid: b5106aeed3577434bb31a9b5019d2e90,
        type: 3}
      propertyPath: m_LocalEulerAnglesHint.z
      value: 0
      objectReference: {fileID: 0}
    - target: {fileID: -1504981713932161579, guid: b5106aeed3577434bb31a9b5019d2e90,
        type: 3}
      propertyPath: m_Materials.Array.data[0]
      value: 
      objectReference: {fileID: 2100000, guid: 9061d37150aba4385ad7e43fd2838786, type: 2}
    - target: {fileID: -6057140222963153312, guid: b5106aeed3577434bb31a9b5019d2e90,
        type: 3}
      propertyPath: m_Controller
      value: 
      objectReference: {fileID: 22100000, guid: 158f3709b4c7e4b84a6271696428c449,
        type: 2}
    m_RemovedComponents: []
  m_SourcePrefab: {fileID: 100100000, guid: b5106aeed3577434bb31a9b5019d2e90, type: 3}
--- !u!4 &8803650083820358452 stripped
Transform:
  m_CorrespondingSourceObject: {fileID: -4216859302048453862, guid: b5106aeed3577434bb31a9b5019d2e90,
    type: 3}
  m_PrefabInstance: {fileID: 4563956034072928302}
  m_PrefabAsset: {fileID: 0}
