%YAML 1.1
%TAG !u! tag:unity3d.com,2011:
--- !u!1 &332157771588653807
GameObject:
  m_ObjectHideFlags: 0
  m_CorrespondingSourceObject: {fileID: 0}
  m_PrefabInstance: {fileID: 0}
  m_PrefabAsset: {fileID: 0}
  serializedVersion: 6
  m_Component:
  - component: {fileID: 332157771588653584}
  - component: {fileID: 332157771588653586}
  - component: {fileID: 332157771588653585}
  - component: {fileID: 8748921755939823049}
  m_Layer: 0
  m_Name: BoerSlot28
  m_TagString: Untagged
  m_Icon: {fileID: 0}
  m_NavMeshLayer: 0
  m_StaticEditorFlags: 0
  m_IsActive: 1
--- !u!4 &332157771588653584
Transform:
  m_ObjectHideFlags: 0
  m_CorrespondingSourceObject: {fileID: 0}
  m_PrefabInstance: {fileID: 0}
  m_PrefabAsset: {fileID: 0}
  m_GameObject: {fileID: 332157771588653807}
  m_LocalRotation: {x: 0, y: 0, z: 0, w: 1}
  m_LocalPosition: {x: 0, y: 0, z: 0}
  m_LocalScale: {x: 1, y: 1, z: 1}
  m_Children:
  - {fileID: 332157771818214521}
  m_Father: {fileID: 0}
  m_RootOrder: 0
  m_LocalEulerAnglesHint: {x: 0, y: 0, z: 0}
--- !u!114 &332157771588653586
MonoBehaviour:
  m_ObjectHideFlags: 0
  m_CorrespondingSourceObject: {fileID: 0}
  m_PrefabInstance: {fileID: 0}
  m_PrefabAsset: {fileID: 0}
  m_GameObject: {fileID: 332157771588653807}
  m_Enabled: 1
  m_EditorHideFlags: 0
  m_Script: {fileID: 11500000, guid: c91754b7f59d44da19a531018ac77b35, type: 3}
  m_Name: 
  m_EditorClassIdentifier: 
  drillSpeed: 5700
  visualDrillSpeed: 0
  offlineDrillSpeed: 0
--- !u!114 &332157771588653585
MonoBehaviour:
  m_ObjectHideFlags: 0
  m_CorrespondingSourceObject: {fileID: 0}
  m_PrefabInstance: {fileID: 0}
  m_PrefabAsset: {fileID: 0}
  m_GameObject: {fileID: 332157771588653807}
  m_Enabled: 1
  m_EditorHideFlags: 0
  m_Script: {fileID: 11500000, guid: ea7a485b800d742379af98601ca94bbc, type: 3}
  m_Name: 
  m_EditorClassIdentifier: 
  price: 4760000000000
  lvl: 28
--- !u!95 &8748921755939823049
Animator:
  serializedVersion: 3
  m_ObjectHideFlags: 0
  m_CorrespondingSourceObject: {fileID: 0}
  m_PrefabInstance: {fileID: 0}
  m_PrefabAsset: {fileID: 0}
  m_GameObject: {fileID: 332157771588653807}
  m_Enabled: 1
  m_Avatar: {fileID: 0}
  m_Controller: {fileID: 22100000, guid: 9aa4decdf4a6f4b1fadf5464a7d1e020, type: 2}
  m_CullingMode: 0
  m_UpdateMode: 0
  m_ApplyRootMotion: 0
  m_LinearVelocityBlending: 0
  m_WarningMessage: 
  m_HasTransformHierarchy: 1
  m_AllowConstantClipSamplingOptimization: 1
  m_KeepAnimatorControllerStateOnDisable: 0
--- !u!1 &332157771818214520
GameObject:
  m_ObjectHideFlags: 0
  m_CorrespondingSourceObject: {fileID: 0}
  m_PrefabInstance: {fileID: 0}
  m_PrefabAsset: {fileID: 0}
  serializedVersion: 6
  m_Component:
  - component: {fileID: 332157771818214521}
  m_Layer: 0
  m_Name: Boer
  m_TagString: Untagged
  m_Icon: {fileID: 0}
  m_NavMeshLayer: 0
  m_StaticEditorFlags: 0
  m_IsActive: 1
--- !u!4 &332157771818214521
Transform:
  m_ObjectHideFlags: 0
  m_CorrespondingSourceObject: {fileID: 0}
  m_PrefabInstance: {fileID: 0}
  m_PrefabAsset: {fileID: 0}
  m_GameObject: {fileID: 332157771818214520}
  m_LocalRotation: {x: -0, y: -0, z: -0, w: 1}
  m_LocalPosition: {x: 0, y: 0, z: -41}
  m_LocalScale: {x: 130, y: 130, z: 130}
  m_Children:
  - {fileID: 2979376242404336535}
  - {fileID: 4409590033138613064}
  m_Father: {fileID: 332157771588653584}
  m_RootOrder: 0
  m_LocalEulerAnglesHint: {x: 0, y: 0, z: 0}
--- !u!1 &1533971190086390508
GameObject:
  m_ObjectHideFlags: 0
  m_CorrespondingSourceObject: {fileID: 0}
  m_PrefabInstance: {fileID: 0}
  m_PrefabAsset: {fileID: 0}
  serializedVersion: 6
  m_Component:
  - component: {fileID: 2979376242404336535}
  m_Layer: 0
  m_Name: GameObject
  m_TagString: Untagged
  m_Icon: {fileID: 0}
  m_NavMeshLayer: 0
  m_StaticEditorFlags: 0
  m_IsActive: 1
--- !u!4 &2979376242404336535
Transform:
  m_ObjectHideFlags: 0
  m_CorrespondingSourceObject: {fileID: 0}
  m_PrefabInstance: {fileID: 0}
  m_PrefabAsset: {fileID: 0}
  m_GameObject: {fileID: 1533971190086390508}
  m_LocalRotation: {x: 0, y: 0, z: 0, w: 1}
  m_LocalPosition: {x: 0, y: -0.25, z: 0.15}
  m_LocalScale: {x: 1, y: 1, z: 1}
  m_Children:
  - {fileID: 4748688969430892063}
  m_Father: {fileID: 332157771818214521}
  m_RootOrder: 0
  m_LocalEulerAnglesHint: {x: 0, y: 0, z: 0}
--- !u!1001 &332157771609265413
PrefabInstance:
  m_ObjectHideFlags: 0
  serializedVersion: 2
  m_Modification:
    m_TransformParent: {fileID: 2979376242404336535}
    m_Modifications:
    - target: {fileID: -927199367670048503, guid: 82ffa37d6f0484fc0920503eeee26d80,
        type: 3}
      propertyPath: m_Name
      value: 28
      objectReference: {fileID: 0}
    - target: {fileID: -4216859302048453862, guid: 82ffa37d6f0484fc0920503eeee26d80,
        type: 3}
      propertyPath: m_LocalPosition.x
      value: 0
      objectReference: {fileID: 0}
    - target: {fileID: -4216859302048453862, guid: 82ffa37d6f0484fc0920503eeee26d80,
        type: 3}
      propertyPath: m_LocalPosition.y
      value: -0.07943228
      objectReference: {fileID: 0}
    - target: {fileID: -4216859302048453862, guid: 82ffa37d6f0484fc0920503eeee26d80,
        type: 3}
      propertyPath: m_LocalPosition.z
      value: 0.049999997
      objectReference: {fileID: 0}
    - target: {fileID: -4216859302048453862, guid: 82ffa37d6f0484fc0920503eeee26d80,
        type: 3}
      propertyPath: m_LocalRotation.x
      value: -0
      objectReference: {fileID: 0}
    - target: {fileID: -4216859302048453862, guid: 82ffa37d6f0484fc0920503eeee26d80,
        type: 3}
      propertyPath: m_LocalRotation.y
      value: -0
      objectReference: {fileID: 0}
    - target: {fileID: -4216859302048453862, guid: 82ffa37d6f0484fc0920503eeee26d80,
        type: 3}
      propertyPath: m_LocalRotation.z
      value: -0
      objectReference: {fileID: 0}
    - target: {fileID: -4216859302048453862, guid: 82ffa37d6f0484fc0920503eeee26d80,
        type: 3}
      propertyPath: m_LocalRotation.w
      value: 1
      objectReference: {fileID: 0}
    - target: {fileID: -4216859302048453862, guid: 82ffa37d6f0484fc0920503eeee26d80,
        type: 3}
      propertyPath: m_RootOrder
      value: 0
      objectReference: {fileID: 0}
    - target: {fileID: -4216859302048453862, guid: 82ffa37d6f0484fc0920503eeee26d80,
        type: 3}
      propertyPath: m_LocalEulerAnglesHint.x
      value: 0
      objectReference: {fileID: 0}
    - target: {fileID: -4216859302048453862, guid: 82ffa37d6f0484fc0920503eeee26d80,
        type: 3}
      propertyPath: m_LocalEulerAnglesHint.y
      value: 0
      objectReference: {fileID: 0}
    - target: {fileID: -4216859302048453862, guid: 82ffa37d6f0484fc0920503eeee26d80,
        type: 3}
      propertyPath: m_LocalEulerAnglesHint.z
      value: 0
      objectReference: {fileID: 0}
    - target: {fileID: -1504981713932161579, guid: 82ffa37d6f0484fc0920503eeee26d80,
        type: 3}
      propertyPath: m_Materials.Array.data[0]
      value: 
      objectReference: {fileID: 2100000, guid: e2723addecc2e456d95b8fe4d2856934, type: 2}
    - target: {fileID: -6057140222963153312, guid: 82ffa37d6f0484fc0920503eeee26d80,
        type: 3}
      propertyPath: m_Controller
      value: 
      objectReference: {fileID: 22100000, guid: 9eeb609e800ef4bbc9c5ed3f059f15a7,
        type: 2}
    - target: {fileID: -8603311446379366, guid: 82ffa37d6f0484fc0920503eeee26d80,
        type: 3}
      propertyPath: m_Materials.Array.data[0]
      value: 
      objectReference: {fileID: 2100000, guid: e2723addecc2e456d95b8fe4d2856934, type: 2}
    m_RemovedComponents: []
  m_SourcePrefab: {fileID: 100100000, guid: 82ffa37d6f0484fc0920503eeee26d80, type: 3}
--- !u!4 &4748688969430892063 stripped
Transform:
  m_CorrespondingSourceObject: {fileID: -4216859302048453862, guid: 82ffa37d6f0484fc0920503eeee26d80,
    type: 3}
  m_PrefabInstance: {fileID: 332157771609265413}
  m_PrefabAsset: {fileID: 0}
--- !u!1001 &8667377641970323538
PrefabInstance:
  m_ObjectHideFlags: 0
  serializedVersion: 2
  m_Modification:
    m_TransformParent: {fileID: 332157771818214521}
    m_Modifications:
    - target: {fileID: -927199367670048503, guid: c25eaa38c75dd4ab487caa48d4aff0e2,
        type: 3}
      propertyPath: m_Name
      value: 25-30_base (3)
      objectReference: {fileID: 0}
    - target: {fileID: -4216859302048453862, guid: c25eaa38c75dd4ab487caa48d4aff0e2,
        type: 3}
      propertyPath: m_LocalPosition.x
      value: 0
      objectReference: {fileID: 0}
    - target: {fileID: -4216859302048453862, guid: c25eaa38c75dd4ab487caa48d4aff0e2,
        type: 3}
      propertyPath: m_LocalPosition.y
      value: -0.29999995
      objectReference: {fileID: 0}
    - target: {fileID: -4216859302048453862, guid: c25eaa38c75dd4ab487caa48d4aff0e2,
        type: 3}
      propertyPath: m_LocalPosition.z
      value: 0.09
      objectReference: {fileID: 0}
    - target: {fileID: -4216859302048453862, guid: c25eaa38c75dd4ab487caa48d4aff0e2,
        type: 3}
      propertyPath: m_LocalRotation.x
      value: 2.4651903e-32
      objectReference: {fileID: 0}
    - target: {fileID: -4216859302048453862, guid: c25eaa38c75dd4ab487caa48d4aff0e2,
        type: 3}
      propertyPath: m_LocalRotation.y
      value: -4.49901e-40
      objectReference: {fileID: 0}
    - target: {fileID: -4216859302048453862, guid: c25eaa38c75dd4ab487caa48d4aff0e2,
        type: 3}
      propertyPath: m_LocalRotation.z
      value: 0.000000018250121
      objectReference: {fileID: 0}
    - target: {fileID: -4216859302048453862, guid: c25eaa38c75dd4ab487caa48d4aff0e2,
        type: 3}
      propertyPath: m_LocalRotation.w
      value: 1
      objectReference: {fileID: 0}
    - target: {fileID: -4216859302048453862, guid: c25eaa38c75dd4ab487caa48d4aff0e2,
        type: 3}
      propertyPath: m_RootOrder
      value: 1
      objectReference: {fileID: 0}
    - target: {fileID: -4216859302048453862, guid: c25eaa38c75dd4ab487caa48d4aff0e2,
        type: 3}
      propertyPath: m_LocalEulerAnglesHint.x
      value: 0
      objectReference: {fileID: 0}
    - target: {fileID: -4216859302048453862, guid: c25eaa38c75dd4ab487caa48d4aff0e2,
        type: 3}
      propertyPath: m_LocalEulerAnglesHint.y
      value: 0
      objectReference: {fileID: 0}
    - target: {fileID: -4216859302048453862, guid: c25eaa38c75dd4ab487caa48d4aff0e2,
        type: 3}
      propertyPath: m_LocalEulerAnglesHint.z
      value: 0
      objectReference: {fileID: 0}
    - target: {fileID: -1504981713932161579, guid: c25eaa38c75dd4ab487caa48d4aff0e2,
        type: 3}
      propertyPath: m_Materials.Array.data[0]
      value: 
      objectReference: {fileID: 2100000, guid: e48e8850abc9844f09a83224d3ff550b, type: 2}
    m_RemovedComponents: []
  m_SourcePrefab: {fileID: 100100000, guid: c25eaa38c75dd4ab487caa48d4aff0e2, type: 3}
--- !u!4 &4409590033138613064 stripped
Transform:
  m_CorrespondingSourceObject: {fileID: -4216859302048453862, guid: c25eaa38c75dd4ab487caa48d4aff0e2,
    type: 3}
  m_PrefabInstance: {fileID: 8667377641970323538}
  m_PrefabAsset: {fileID: 0}
