%YAML 1.1
%TAG !u! tag:unity3d.com,2011:
--- !u!1 &6000027104417761215
GameObject:
  m_ObjectHideFlags: 0
  m_CorrespondingSourceObject: {fileID: 0}
  m_PrefabInstance: {fileID: 0}
  m_PrefabAsset: {fileID: 0}
  serializedVersion: 6
  m_Component:
  - component: {fileID: 7725969353245669963}
  m_Layer: 0
  m_Name: GameObject
  m_TagString: Untagged
  m_Icon: {fileID: 0}
  m_NavMeshLayer: 0
  m_StaticEditorFlags: 0
  m_IsActive: 1
--- !u!4 &7725969353245669963
Transform:
  m_ObjectHideFlags: 0
  m_CorrespondingSourceObject: {fileID: 0}
  m_PrefabInstance: {fileID: 0}
  m_PrefabAsset: {fileID: 0}
  m_GameObject: {fileID: 6000027104417761215}
  m_LocalRotation: {x: 0, y: 0, z: 0, w: 1}
  m_LocalPosition: {x: 0, y: -0.25, z: 0.15}
  m_LocalScale: {x: 1, y: 1, z: 1}
  m_Children:
  - {fileID: 2657906265880805825}
  m_Father: {fileID: 7032497692731745896}
  m_RootOrder: 0
  m_LocalEulerAnglesHint: {x: 0, y: 0, z: 0}
--- !u!1 &7032497692731745899
GameObject:
  m_ObjectHideFlags: 0
  m_CorrespondingSourceObject: {fileID: 0}
  m_PrefabInstance: {fileID: 0}
  m_PrefabAsset: {fileID: 0}
  serializedVersion: 6
  m_Component:
  - component: {fileID: 7032497692731745896}
  m_Layer: 0
  m_Name: Boer
  m_TagString: Untagged
  m_Icon: {fileID: 0}
  m_NavMeshLayer: 0
  m_StaticEditorFlags: 0
  m_IsActive: 1
--- !u!4 &7032497692731745896
Transform:
  m_ObjectHideFlags: 0
  m_CorrespondingSourceObject: {fileID: 0}
  m_PrefabInstance: {fileID: 0}
  m_PrefabAsset: {fileID: 0}
  m_GameObject: {fileID: 7032497692731745899}
  m_LocalRotation: {x: -0, y: -0, z: -0, w: 1}
  m_LocalPosition: {x: 0, y: 0, z: -41}
  m_LocalScale: {x: 130, y: 130, z: 130}
  m_Children:
  - {fileID: 7725969353245669963}
  - {fileID: 3475125550233547652}
  m_Father: {fileID: 7032497693199994253}
  m_RootOrder: 0
  m_LocalEulerAnglesHint: {x: 0, y: 0, z: 0}
--- !u!1 &7032497693199994252
GameObject:
  m_ObjectHideFlags: 0
  m_CorrespondingSourceObject: {fileID: 0}
  m_PrefabInstance: {fileID: 0}
  m_PrefabAsset: {fileID: 0}
  serializedVersion: 6
  m_Component:
  - component: {fileID: 7032497693199994253}
  - component: {fileID: 7032497693199994291}
  - component: {fileID: 7032497693199994290}
  - component: {fileID: 1112065608528737746}
  m_Layer: 0
  m_Name: BoerSlot30
  m_TagString: Untagged
  m_Icon: {fileID: 0}
  m_NavMeshLayer: 0
  m_StaticEditorFlags: 0
  m_IsActive: 1
--- !u!4 &7032497693199994253
Transform:
  m_ObjectHideFlags: 0
  m_CorrespondingSourceObject: {fileID: 0}
  m_PrefabInstance: {fileID: 0}
  m_PrefabAsset: {fileID: 0}
  m_GameObject: {fileID: 7032497693199994252}
  m_LocalRotation: {x: 0, y: 0, z: 0, w: 1}
  m_LocalPosition: {x: 0, y: 0, z: 0}
  m_LocalScale: {x: 1, y: 1, z: 1}
  m_Children:
  - {fileID: 7032497692731745896}
  m_Father: {fileID: 0}
  m_RootOrder: 0
  m_LocalEulerAnglesHint: {x: 0, y: 0, z: 0}
--- !u!114 &7032497693199994291
MonoBehaviour:
  m_ObjectHideFlags: 0
  m_CorrespondingSourceObject: {fileID: 0}
  m_PrefabInstance: {fileID: 0}
  m_PrefabAsset: {fileID: 0}
  m_GameObject: {fileID: 7032497693199994252}
  m_Enabled: 1
  m_EditorHideFlags: 0
  m_Script: {fileID: 11500000, guid: c91754b7f59d44da19a531018ac77b35, type: 3}
  m_Name: 
  m_EditorClassIdentifier: 
  drillSpeed: 5900
  visualDrillSpeed: 0
  offlineDrillSpeed: 0
--- !u!114 &7032497693199994290
MonoBehaviour:
  m_ObjectHideFlags: 0
  m_CorrespondingSourceObject: {fileID: 0}
  m_PrefabInstance: {fileID: 0}
  m_PrefabAsset: {fileID: 0}
  m_GameObject: {fileID: 7032497693199994252}
  m_Enabled: 1
  m_EditorHideFlags: 0
  m_Script: {fileID: 11500000, guid: ea7a485b800d742379af98601ca94bbc, type: 3}
  m_Name: 
  m_EditorClassIdentifier: 
  price: 10400000000000
  lvl: 30
--- !u!95 &1112065608528737746
Animator:
  serializedVersion: 3
  m_ObjectHideFlags: 0
  m_CorrespondingSourceObject: {fileID: 0}
  m_PrefabInstance: {fileID: 0}
  m_PrefabAsset: {fileID: 0}
  m_GameObject: {fileID: 7032497693199994252}
  m_Enabled: 1
  m_Avatar: {fileID: 0}
  m_Controller: {fileID: 22100000, guid: 9aa4decdf4a6f4b1fadf5464a7d1e020, type: 2}
  m_CullingMode: 0
  m_UpdateMode: 0
  m_ApplyRootMotion: 0
  m_LinearVelocityBlending: 0
  m_WarningMessage: 
  m_HasTransformHierarchy: 1
  m_AllowConstantClipSamplingOptimization: 1
  m_KeepAnimatorControllerStateOnDisable: 0
--- !u!1001 &7032497692169595611
PrefabInstance:
  m_ObjectHideFlags: 0
  serializedVersion: 2
  m_Modification:
    m_TransformParent: {fileID: 7725969353245669963}
    m_Modifications:
    - target: {fileID: -927199367670048503, guid: dd67827f8191844bfabbd5cacd012056,
        type: 3}
      propertyPath: m_Name
      value: 30
      objectReference: {fileID: 0}
    - target: {fileID: -4216859302048453862, guid: dd67827f8191844bfabbd5cacd012056,
        type: 3}
      propertyPath: m_LocalPosition.x
      value: 0
      objectReference: {fileID: 0}
    - target: {fileID: -4216859302048453862, guid: dd67827f8191844bfabbd5cacd012056,
        type: 3}
      propertyPath: m_LocalPosition.y
      value: -0.07943228
      objectReference: {fileID: 0}
    - target: {fileID: -4216859302048453862, guid: dd67827f8191844bfabbd5cacd012056,
        type: 3}
      propertyPath: m_LocalPosition.z
      value: 0.049999997
      objectReference: {fileID: 0}
    - target: {fileID: -4216859302048453862, guid: dd67827f8191844bfabbd5cacd012056,
        type: 3}
      propertyPath: m_LocalRotation.x
      value: -0
      objectReference: {fileID: 0}
    - target: {fileID: -4216859302048453862, guid: dd67827f8191844bfabbd5cacd012056,
        type: 3}
      propertyPath: m_LocalRotation.y
      value: -0
      objectReference: {fileID: 0}
    - target: {fileID: -4216859302048453862, guid: dd67827f8191844bfabbd5cacd012056,
        type: 3}
      propertyPath: m_LocalRotation.z
      value: -0
      objectReference: {fileID: 0}
    - target: {fileID: -4216859302048453862, guid: dd67827f8191844bfabbd5cacd012056,
        type: 3}
      propertyPath: m_LocalRotation.w
      value: 1
      objectReference: {fileID: 0}
    - target: {fileID: -4216859302048453862, guid: dd67827f8191844bfabbd5cacd012056,
        type: 3}
      propertyPath: m_RootOrder
      value: 0
      objectReference: {fileID: 0}
    - target: {fileID: -4216859302048453862, guid: dd67827f8191844bfabbd5cacd012056,
        type: 3}
      propertyPath: m_LocalEulerAnglesHint.x
      value: 0
      objectReference: {fileID: 0}
    - target: {fileID: -4216859302048453862, guid: dd67827f8191844bfabbd5cacd012056,
        type: 3}
      propertyPath: m_LocalEulerAnglesHint.y
      value: 0
      objectReference: {fileID: 0}
    - target: {fileID: -4216859302048453862, guid: dd67827f8191844bfabbd5cacd012056,
        type: 3}
      propertyPath: m_LocalEulerAnglesHint.z
      value: 0
      objectReference: {fileID: 0}
    - target: {fileID: -1504981713932161579, guid: dd67827f8191844bfabbd5cacd012056,
        type: 3}
      propertyPath: m_Materials.Array.data[0]
      value: 
      objectReference: {fileID: 2100000, guid: 1811c779da4304a1da11c577e870c637, type: 2}
    - target: {fileID: -6057140222963153312, guid: dd67827f8191844bfabbd5cacd012056,
        type: 3}
      propertyPath: m_Controller
      value: 
      objectReference: {fileID: 22100000, guid: 838b4ece9a56f413d8f444a9730de618,
        type: 2}
    - target: {fileID: 5355330844929179812, guid: dd67827f8191844bfabbd5cacd012056,
        type: 3}
      propertyPath: m_Materials.Array.data[0]
      value: 
      objectReference: {fileID: 2100000, guid: 1811c779da4304a1da11c577e870c637, type: 2}
    m_RemovedComponents: []
  m_SourcePrefab: {fileID: 100100000, guid: dd67827f8191844bfabbd5cacd012056, type: 3}
--- !u!4 &2657906265880805825 stripped
Transform:
  m_CorrespondingSourceObject: {fileID: -4216859302048453862, guid: dd67827f8191844bfabbd5cacd012056,
    type: 3}
  m_PrefabInstance: {fileID: 7032497692169595611}
  m_PrefabAsset: {fileID: 0}
--- !u!1001 &8448916213355272350
PrefabInstance:
  m_ObjectHideFlags: 0
  serializedVersion: 2
  m_Modification:
    m_TransformParent: {fileID: 7032497692731745896}
    m_Modifications:
    - target: {fileID: -927199367670048503, guid: c25eaa38c75dd4ab487caa48d4aff0e2,
        type: 3}
      propertyPath: m_Name
      value: 25-30_base (4)
      objectReference: {fileID: 0}
    - target: {fileID: -4216859302048453862, guid: c25eaa38c75dd4ab487caa48d4aff0e2,
        type: 3}
      propertyPath: m_LocalPosition.x
      value: 0
      objectReference: {fileID: 0}
    - target: {fileID: -4216859302048453862, guid: c25eaa38c75dd4ab487caa48d4aff0e2,
        type: 3}
      propertyPath: m_LocalPosition.y
      value: -0.29999995
      objectReference: {fileID: 0}
    - target: {fileID: -4216859302048453862, guid: c25eaa38c75dd4ab487caa48d4aff0e2,
        type: 3}
      propertyPath: m_LocalPosition.z
      value: 0.09
      objectReference: {fileID: 0}
    - target: {fileID: -4216859302048453862, guid: c25eaa38c75dd4ab487caa48d4aff0e2,
        type: 3}
      propertyPath: m_LocalRotation.x
      value: 2.4651903e-32
      objectReference: {fileID: 0}
    - target: {fileID: -4216859302048453862, guid: c25eaa38c75dd4ab487caa48d4aff0e2,
        type: 3}
      propertyPath: m_LocalRotation.y
      value: -4.49901e-40
      objectReference: {fileID: 0}
    - target: {fileID: -4216859302048453862, guid: c25eaa38c75dd4ab487caa48d4aff0e2,
        type: 3}
      propertyPath: m_LocalRotation.z
      value: 0.000000018250121
      objectReference: {fileID: 0}
    - target: {fileID: -4216859302048453862, guid: c25eaa38c75dd4ab487caa48d4aff0e2,
        type: 3}
      propertyPath: m_LocalRotation.w
      value: 1
      objectReference: {fileID: 0}
    - target: {fileID: -4216859302048453862, guid: c25eaa38c75dd4ab487caa48d4aff0e2,
        type: 3}
      propertyPath: m_RootOrder
      value: 1
      objectReference: {fileID: 0}
    - target: {fileID: -4216859302048453862, guid: c25eaa38c75dd4ab487caa48d4aff0e2,
        type: 3}
      propertyPath: m_LocalEulerAnglesHint.x
      value: 0
      objectReference: {fileID: 0}
    - target: {fileID: -4216859302048453862, guid: c25eaa38c75dd4ab487caa48d4aff0e2,
        type: 3}
      propertyPath: m_LocalEulerAnglesHint.y
      value: 0
      objectReference: {fileID: 0}
    - target: {fileID: -4216859302048453862, guid: c25eaa38c75dd4ab487caa48d4aff0e2,
        type: 3}
      propertyPath: m_LocalEulerAnglesHint.z
      value: 0
      objectReference: {fileID: 0}
    - target: {fileID: -1504981713932161579, guid: c25eaa38c75dd4ab487caa48d4aff0e2,
        type: 3}
      propertyPath: m_Materials.Array.data[0]
      value: 
      objectReference: {fileID: 2100000, guid: e48e8850abc9844f09a83224d3ff550b, type: 2}
    m_RemovedComponents: []
  m_SourcePrefab: {fileID: 100100000, guid: c25eaa38c75dd4ab487caa48d4aff0e2, type: 3}
--- !u!4 &3475125550233547652 stripped
Transform:
  m_CorrespondingSourceObject: {fileID: -4216859302048453862, guid: c25eaa38c75dd4ab487caa48d4aff0e2,
    type: 3}
  m_PrefabInstance: {fileID: 8448916213355272350}
  m_PrefabAsset: {fileID: 0}
