%YAML 1.1
%TAG !u! tag:unity3d.com,2011:
--- !u!1 &1733721722668856565
GameObject:
  m_ObjectHideFlags: 0
  m_CorrespondingSourceObject: {fileID: 0}
  m_PrefabInstance: {fileID: 0}
  m_PrefabAsset: {fileID: 0}
  serializedVersion: 6
  m_Component:
  - component: {fileID: 1733721722668856564}
  - component: {fileID: 1733721722668856566}
  - component: {fileID: 1733721722668856567}
  - component: {fileID: 3081407259472308942}
  m_Layer: 0
  m_Name: BoerSlot16
  m_TagString: Untagged
  m_Icon: {fileID: 0}
  m_NavMeshLayer: 0
  m_StaticEditorFlags: 0
  m_IsActive: 1
--- !u!4 &1733721722668856564
Transform:
  m_ObjectHideFlags: 0
  m_CorrespondingSourceObject: {fileID: 0}
  m_PrefabInstance: {fileID: 0}
  m_PrefabAsset: {fileID: 0}
  m_GameObject: {fileID: 1733721722668856565}
  m_LocalRotation: {x: 0, y: 0, z: 0, w: 1}
  m_LocalPosition: {x: 0, y: 0, z: 0}
  m_LocalScale: {x: 1, y: 1, z: 1}
  m_Children:
  - {fileID: 1733721723491087269}
  m_Father: {fileID: 0}
  m_RootOrder: 0
  m_LocalEulerAnglesHint: {x: 0, y: 0, z: 0}
--- !u!114 &1733721722668856566
MonoBehaviour:
  m_ObjectHideFlags: 0
  m_CorrespondingSourceObject: {fileID: 0}
  m_PrefabInstance: {fileID: 0}
  m_PrefabAsset: {fileID: 0}
  m_GameObject: {fileID: 1733721722668856565}
  m_Enabled: 1
  m_EditorHideFlags: 0
  m_Script: {fileID: 11500000, guid: c91754b7f59d44da19a531018ac77b35, type: 3}
  m_Name: 
  m_EditorClassIdentifier: 
  drillSpeed: 4500
  visualDrillSpeed: 0
  offlineDrillSpeed: 0
--- !u!114 &1733721722668856567
MonoBehaviour:
  m_ObjectHideFlags: 0
  m_CorrespondingSourceObject: {fileID: 0}
  m_PrefabInstance: {fileID: 0}
  m_PrefabAsset: {fileID: 0}
  m_GameObject: {fileID: 1733721722668856565}
  m_Enabled: 1
  m_EditorHideFlags: 0
  m_Script: {fileID: 11500000, guid: ea7a485b800d742379af98601ca94bbc, type: 3}
  m_Name: 
  m_EditorClassIdentifier: 
  price: 238000000
  lvl: 16
--- !u!95 &3081407259472308942
Animator:
  serializedVersion: 3
  m_ObjectHideFlags: 0
  m_CorrespondingSourceObject: {fileID: 0}
  m_PrefabInstance: {fileID: 0}
  m_PrefabAsset: {fileID: 0}
  m_GameObject: {fileID: 1733721722668856565}
  m_Enabled: 1
  m_Avatar: {fileID: 0}
  m_Controller: {fileID: 22100000, guid: 9aa4decdf4a6f4b1fadf5464a7d1e020, type: 2}
  m_CullingMode: 0
  m_UpdateMode: 0
  m_ApplyRootMotion: 0
  m_LinearVelocityBlending: 0
  m_WarningMessage: 
  m_HasTransformHierarchy: 1
  m_AllowConstantClipSamplingOptimization: 1
  m_KeepAnimatorControllerStateOnDisable: 0
--- !u!1 &1733721723491087266
GameObject:
  m_ObjectHideFlags: 0
  m_CorrespondingSourceObject: {fileID: 0}
  m_PrefabInstance: {fileID: 0}
  m_PrefabAsset: {fileID: 0}
  serializedVersion: 6
  m_Component:
  - component: {fileID: 1733721723491087269}
  m_Layer: 0
  m_Name: Boer
  m_TagString: Untagged
  m_Icon: {fileID: 0}
  m_NavMeshLayer: 0
  m_StaticEditorFlags: 0
  m_IsActive: 1
--- !u!4 &1733721723491087269
Transform:
  m_ObjectHideFlags: 0
  m_CorrespondingSourceObject: {fileID: 0}
  m_PrefabInstance: {fileID: 0}
  m_PrefabAsset: {fileID: 0}
  m_GameObject: {fileID: 1733721723491087266}
  m_LocalRotation: {x: -0, y: -0, z: -0, w: 1}
  m_LocalPosition: {x: 0, y: 0, z: -41}
  m_LocalScale: {x: 130, y: 130, z: 130}
  m_Children:
  - {fileID: 3284226991131846892}
  - {fileID: 3284226992040663693}
  m_Father: {fileID: 1733721722668856564}
  m_RootOrder: 0
  m_LocalEulerAnglesHint: {x: 0, y: 0, z: 0}
--- !u!1001 &7559678739595936758
PrefabInstance:
  m_ObjectHideFlags: 0
  serializedVersion: 2
  m_Modification:
    m_TransformParent: {fileID: 1733721723491087269}
    m_Modifications:
    - target: {fileID: -927199367670048503, guid: e55d5ea7b6ff745418d9928f89b58bbb,
        type: 3}
      propertyPath: m_Name
      value: 13-18_base
      objectReference: {fileID: 0}
    - target: {fileID: -4216859302048453862, guid: e55d5ea7b6ff745418d9928f89b58bbb,
        type: 3}
      propertyPath: m_LocalPosition.x
      value: 0
      objectReference: {fileID: 0}
    - target: {fileID: -4216859302048453862, guid: e55d5ea7b6ff745418d9928f89b58bbb,
        type: 3}
      propertyPath: m_LocalPosition.y
      value: -0.29999995
      objectReference: {fileID: 0}
    - target: {fileID: -4216859302048453862, guid: e55d5ea7b6ff745418d9928f89b58bbb,
        type: 3}
      propertyPath: m_LocalPosition.z
      value: 0
      objectReference: {fileID: 0}
    - target: {fileID: -4216859302048453862, guid: e55d5ea7b6ff745418d9928f89b58bbb,
        type: 3}
      propertyPath: m_LocalRotation.x
      value: 2.4651903e-32
      objectReference: {fileID: 0}
    - target: {fileID: -4216859302048453862, guid: e55d5ea7b6ff745418d9928f89b58bbb,
        type: 3}
      propertyPath: m_LocalRotation.y
      value: -4.49901e-40
      objectReference: {fileID: 0}
    - target: {fileID: -4216859302048453862, guid: e55d5ea7b6ff745418d9928f89b58bbb,
        type: 3}
      propertyPath: m_LocalRotation.z
      value: 0.000000018250121
      objectReference: {fileID: 0}
    - target: {fileID: -4216859302048453862, guid: e55d5ea7b6ff745418d9928f89b58bbb,
        type: 3}
      propertyPath: m_LocalRotation.w
      value: 1
      objectReference: {fileID: 0}
    - target: {fileID: -4216859302048453862, guid: e55d5ea7b6ff745418d9928f89b58bbb,
        type: 3}
      propertyPath: m_RootOrder
      value: 0
      objectReference: {fileID: 0}
    - target: {fileID: -4216859302048453862, guid: e55d5ea7b6ff745418d9928f89b58bbb,
        type: 3}
      propertyPath: m_LocalEulerAnglesHint.x
      value: 0
      objectReference: {fileID: 0}
    - target: {fileID: -4216859302048453862, guid: e55d5ea7b6ff745418d9928f89b58bbb,
        type: 3}
      propertyPath: m_LocalEulerAnglesHint.y
      value: 0
      objectReference: {fileID: 0}
    - target: {fileID: -4216859302048453862, guid: e55d5ea7b6ff745418d9928f89b58bbb,
        type: 3}
      propertyPath: m_LocalEulerAnglesHint.z
      value: 0
      objectReference: {fileID: 0}
    - target: {fileID: -1504981713932161579, guid: e55d5ea7b6ff745418d9928f89b58bbb,
        type: 3}
      propertyPath: m_Materials.Array.data[0]
      value: 
      objectReference: {fileID: 2100000, guid: 9ce831c1e3d254393b970bf43421d428, type: 2}
    m_RemovedComponents: []
  m_SourcePrefab: {fileID: 100100000, guid: e55d5ea7b6ff745418d9928f89b58bbb, type: 3}
--- !u!4 &3284226991131846892 stripped
Transform:
  m_CorrespondingSourceObject: {fileID: -4216859302048453862, guid: e55d5ea7b6ff745418d9928f89b58bbb,
    type: 3}
  m_PrefabInstance: {fileID: 7559678739595936758}
  m_PrefabAsset: {fileID: 0}
--- !u!1001 &7559678740503785879
PrefabInstance:
  m_ObjectHideFlags: 0
  serializedVersion: 2
  m_Modification:
    m_TransformParent: {fileID: 1733721723491087269}
    m_Modifications:
    - target: {fileID: -927199367670048503, guid: 89a0c5bbd4bfe4a8d9431f80b89c8dd0,
        type: 3}
      propertyPath: m_Name
      value: 16
      objectReference: {fileID: 0}
    - target: {fileID: -4216859302048453862, guid: 89a0c5bbd4bfe4a8d9431f80b89c8dd0,
        type: 3}
      propertyPath: m_LocalPosition.x
      value: 0
      objectReference: {fileID: 0}
    - target: {fileID: -4216859302048453862, guid: 89a0c5bbd4bfe4a8d9431f80b89c8dd0,
        type: 3}
      propertyPath: m_LocalPosition.y
      value: -0.332
      objectReference: {fileID: 0}
    - target: {fileID: -4216859302048453862, guid: 89a0c5bbd4bfe4a8d9431f80b89c8dd0,
        type: 3}
      propertyPath: m_LocalPosition.z
      value: 0
      objectReference: {fileID: 0}
    - target: {fileID: -4216859302048453862, guid: 89a0c5bbd4bfe4a8d9431f80b89c8dd0,
        type: 3}
      propertyPath: m_LocalRotation.x
      value: 0
      objectReference: {fileID: 0}
    - target: {fileID: -4216859302048453862, guid: 89a0c5bbd4bfe4a8d9431f80b89c8dd0,
        type: 3}
      propertyPath: m_LocalRotation.y
      value: 0
      objectReference: {fileID: 0}
    - target: {fileID: -4216859302048453862, guid: 89a0c5bbd4bfe4a8d9431f80b89c8dd0,
        type: 3}
      propertyPath: m_LocalRotation.z
      value: 0
      objectReference: {fileID: 0}
    - target: {fileID: -4216859302048453862, guid: 89a0c5bbd4bfe4a8d9431f80b89c8dd0,
        type: 3}
      propertyPath: m_LocalRotation.w
      value: 1
      objectReference: {fileID: 0}
    - target: {fileID: -4216859302048453862, guid: 89a0c5bbd4bfe4a8d9431f80b89c8dd0,
        type: 3}
      propertyPath: m_RootOrder
      value: 1
      objectReference: {fileID: 0}
    - target: {fileID: -4216859302048453862, guid: 89a0c5bbd4bfe4a8d9431f80b89c8dd0,
        type: 3}
      propertyPath: m_LocalEulerAnglesHint.x
      value: 0
      objectReference: {fileID: 0}
    - target: {fileID: -4216859302048453862, guid: 89a0c5bbd4bfe4a8d9431f80b89c8dd0,
        type: 3}
      propertyPath: m_LocalEulerAnglesHint.y
      value: 0
      objectReference: {fileID: 0}
    - target: {fileID: -4216859302048453862, guid: 89a0c5bbd4bfe4a8d9431f80b89c8dd0,
        type: 3}
      propertyPath: m_LocalEulerAnglesHint.z
      value: 0
      objectReference: {fileID: 0}
    - target: {fileID: -1504981713932161579, guid: 89a0c5bbd4bfe4a8d9431f80b89c8dd0,
        type: 3}
      propertyPath: m_Materials.Array.data[0]
      value: 
      objectReference: {fileID: 2100000, guid: b5a32a40e33ec4c4b9cf7a418dfe07c8, type: 2}
    - target: {fileID: -6057140222963153312, guid: 89a0c5bbd4bfe4a8d9431f80b89c8dd0,
        type: 3}
      propertyPath: m_Controller
      value: 
      objectReference: {fileID: 22100000, guid: 9a1ba9780251e402e87da1ef815a8210,
        type: 2}
    m_RemovedComponents: []
  m_SourcePrefab: {fileID: 100100000, guid: 89a0c5bbd4bfe4a8d9431f80b89c8dd0, type: 3}
--- !u!4 &3284226992040663693 stripped
Transform:
  m_CorrespondingSourceObject: {fileID: -4216859302048453862, guid: 89a0c5bbd4bfe4a8d9431f80b89c8dd0,
    type: 3}
  m_PrefabInstance: {fileID: 7559678740503785879}
  m_PrefabAsset: {fileID: 0}
